<?xml version="1.0" encoding="UTF-8"?><collection xmlns="http://www.loc.gov/MARC21/slim"><record><leader>00416nam--2200169-u-4500</leader><controlfield tag="001">000055439</controlfield><controlfield tag="002">20161230</controlfield><controlfield tag="005">20161230201052</controlfield><controlfield tag="008">130208s1000------------r-----000-0-eng-d</controlfield><datafield ind1=" " ind2=" " tag="040"><subfield code="a">IFIN-HH</subfield></datafield><datafield ind1=" " ind2=" " tag="080"><subfield code="a">413.232=39.7=R</subfield></datafield><datafield ind1="1" ind2=" " tag="100"><subfield code="a">Litvinenko, M.V</subfield></datafield><datafield ind1="1" ind2="0" tag="245"><subfield code="a">Svedsko-russkii voennii slovari</subfield><subfield code="c">M.v. litvinenko</subfield></datafield><datafield ind1=" " ind2=" " tag="260"><subfield code="a">Moskva</subfield><subfield code="c">1964</subfield></datafield><datafield ind1=" " ind2=" " tag="300"><subfield code="a">432P</subfield></datafield><datafield ind1=" " ind2=" " tag="852"><subfield code="a">D.311</subfield><subfield code="c">SLG</subfield></datafield><datafield ind1=" " ind2=" " tag="CAT"><subfield code="a">Sys</subfield><subfield code="c">20130208</subfield><subfield code="h">103723</subfield></datafield></record></collection>